@misc{hinnant_on_vector_bool,
	title={On vector<bool>},
	author={Howard Hinnant},
	year={2012},
	publisher={GitHub},
	howpublished={\url{https://howardhinnant.github.io/onvectorbool.html}}
}

@misc{libc++_bit_iterator,
	  title={libc++ __bit_iterator source code},
	  author={LLVM, Marshall Clow, Chandler Carruth and Eric W. Fiselier},
	  year={2018},
	  publisher={LLVM},
	  howpublished={\url{https://github.com/llvm-mirror/libcxx/blob/7c3769df62c0b3820130aa868397a80a042e0232/include/__bit_reference#L390}}
}

@misc{libstdc++_bit_iterator,
	title={libstdc++ _Bit_iterator Source Code},
	author={Free Software Foundation},
	year={2018},
	publisher={GitHub},
	howpublished={\url{https://github.com/gcc-mirror/gcc/blob/41d6b10e96a1de98e90a7c0378437c3255814b16/libstdc%2B%2B-v3/include/bits/stl_bvector.h#L411}}
}

@misc{p0237,
	title={Fundamental Bit Manipulation Utilities},
	author={Vincent Reverdy and Robert J. Brunner},
	year={2017},
	publisher={ISO JTC1/SC22/WG21: Programming Language C++},
	howpublished={\url{https://wg21.link/p0237}}
}

@misc{p1144,
	title={Object relocation in terms of move plus destroy},
	author={Arthur O'Dwyer},
	year={2019},
	publisher={ISO JTC1/SC22/WG21: Programming Language C++},
	howpublished={\url{https://wg21.link/p1144}}
}

@misc{odwyer_cppchat,
	title={Episode 40 - Moving and Relocation Guide},
	author={Howard Hinnant, Jon Kalb, Arthur O'Dwyer and Phil Nash},
	year={2018},
	publisher={CppChat},
	howpublished={\url{https://www.youtube.com/watch?v=8u5Qi4FgTP8}}
}

@misc{relocatable_clang,
	title={Compiler support for P1144R0 "__is_trivially_relocatable(T)"},
	author={Arthur O'Dwyer},
	year={2018},
	publisher={LLVM},
	howpublished={\url{https://reviews.llvmN.org/D50119}}
}

@misc{relocatable_gcc,
	title={Group move and destruction of the source, where possible, for speed},
	author={Marc Glisse, Arthur O'Dwyer},
	year={2019},
	publisher={Free Software Foundation},
	howpublished={\url{https://gcc.gnu.org/bugzilla/show_bug.cgi?id=87106}}
}

@misc{sol2,
	title={sol2},
	author={ThePhD},
	year={2019},
	publisher={GitHub},
	howpublished={\url{https://github.com/ThePhD/sol2}}
}

@misc{c++_rapperswil_2018,
	title={N4673 - Spring 2018 JTC1/SC22/WG21 C++ Standardization Committee Meeting},
	author={Peter Sommerlad, HSR Hochschule f√ºr Technik},
	year={2017},
	publisher={ISO JTC1/SC22/WG21: Programming Language C++},
	howpublished={\url{http://open-std.org/JTC1/SC22/WG21/docs/papers/2017/n4673.pdf}}
}

@misc{bit_proposal_gsoc2019,
	title={Bit - Benchmarks and Data for various standard libraries},
	author={ThePhD},
	year={2019},
	publisher={GitHub},
	howpublished={\url{https://github.com/ThePhD/gsoc-2019-bit}}
}

@misc{bit_proposal_libstdc++_initial_mailing,
	title={Re: [ GSoC ] Bit Iterators, trivial relocatability, and performance},
	author={Jonathan Wakely},
	year={2019},
	publisher={Free Software Foundation},
	howpublished={\url{https://gcc.gnu.org/ml/libstdc++/2019-02/msg00010.html}}
}

@misc{c++_standardization,
	title={C++ Standardization Efforts},
	author={ThePhD},
	year={2019},
	publisher={GitHub},
	howpublished={\url{https://thephd.github.io/portfolio/standard}}
}
